<?xml version='1.0' encoding='UTF-8'?>
<record xmlns="http://www.loc.gov/MARC21/slim">
  <leader>02362cam a2200397 a 4500</leader>
  <controlfield tag="001">2764184</controlfield>
  <controlfield tag="003">NjP</controlfield>
  <controlfield tag="005">20171010174457.0</controlfield>
  <controlfield tag="008">910711s1931    iq a     b    001 0 ara d</controlfield>
  <datafield tag="024" ind1="7" ind2=" ">
    <subfield code="a">princeton_aco002352</subfield>
    <subfield code="2">local</subfield>
  </datafield>
  <datafield ind1=" " ind2=" " tag="035">
    <subfield code="a">(OCoLC)ocn178338604</subfield>
  </datafield>
  <datafield ind1=" " ind2=" " tag="035">
    <subfield code="a">(OCoLC)ocm24056041</subfield>
  </datafield>
  <datafield ind1=" " ind2=" " tag="040">
    <subfield code="a">CLE</subfield>
    <subfield code="c">PUL</subfield>
    <subfield code="d">PUL</subfield>
  </datafield>
  <datafield ind1=" " ind2=" " tag="035">
    <subfield code="a">(OCoLC)178338604</subfield>
  </datafield>
  <datafield ind1=" " ind2=" " tag="035">
    <subfield code="9">CNF9412TS</subfield>
  </datafield>
  <datafield ind1=" " ind2=" " tag="035">
    <subfield code="a">(NjP)2764184</subfield>
  </datafield>
  <datafield ind1=" " ind2=" " tag="043">
    <subfield code="a">a-ye---</subfield>
  </datafield>
  <datafield ind1=" " ind2=" " tag="079">
    <subfield code="a">ocm24056041</subfield>
  </datafield>
  <datafield ind1=" " ind2=" " tag="092">
    <subfield code="a">459.3</subfield>
    <subfield code="b">H27i</subfield>
  </datafield>
  <datafield ind1=" " ind2=" " tag="049">
    <subfield code="a">PULL</subfield>
  </datafield>
  <datafield ind1="1" ind2=" " tag="100">
    <subfield code="6">880-01</subfield>
    <subfield code="a">Hamdānī, al-Ḥasan ibn Aḥmad,</subfield>
    <subfield code="d">-945</subfield>
    <subfield code="0">http://id.loc.gov/authorities/names/n80133102</subfield>
  </datafield>
  <datafield ind1="1" ind2="0" tag="240">
    <subfield code="6">880-02</subfield>
    <subfield code="a">Iklīl.</subfield>
    <subfield code="n">Pt. 8</subfield>
  </datafield>
  <datafield ind1="1" ind2="3" tag="245">
    <subfield code="6">880-03</subfield>
    <subfield code="a">al-Iklīl, al-juzʼ al-thāmin :</subfield>
    <subfield code="b">yataḍammanu maḥāfid al-Yaman wa-masānidahā wa-dafāʼinahā wa-quṣūrahā wa-marāthī ḥamīr wa-al-qubūrīyāt /</subfield>
    <subfield code="c">taʼlīf Abī Muḥammad al-Ḥasan ibn Aḥmad ibn Yaʻqūb ibn Yūsuf ibn Dāʼūd, al-mashhūr bi-al-Hamdānī ; akhrjahu ilá al-ṭabʻ wa-ṣaḥḥaḥa al-aghlāṭ-- wa-ʻallaqa ḥawāshīhi al-lughawīyah-- al-ab Anistās Mārī al-Karmilī al-Baghdādī.</subfield>
  </datafield>
  <datafield ind1=" " ind2=" " tag="260">
    <subfield code="6">880-04</subfield>
    <subfield code="a">Baghdād :</subfield>
    <subfield code="b">Maṭbaʻat al-Suryān al-Kāthūlīkīyah,</subfield>
    <subfield code="c">1931.</subfield>
  </datafield>
  <datafield ind1=" " ind2=" " tag="300">
    <subfield code="a">488 p. :</subfield>
    <subfield code="b">ill. ;</subfield>
    <subfield code="c">24 cm.</subfield>
  </datafield>
  <datafield ind1=" " ind2=" " tag="504">
    <subfield code="a">Includes bibliographical references and indexes.</subfield>
  </datafield>
  <datafield ind1=" " ind2=" " tag="500">
    <subfield code="a">Edited by Anistās al-Karmali.</subfield>
  </datafield>
  <datafield ind1=" " ind2=" " tag="590">
    <subfield code="a">Photocopy.</subfield>
  </datafield>
  <datafield ind1=" " ind2="0" tag="651">
    <subfield code="a">Yemen</subfield>
    <subfield code="x">Antiquities.</subfield>
  </datafield>
  <datafield ind1="0" ind2=" " tag="700">
    <subfield code="6">880-05</subfield>
    <subfield code="a">Anistās Mārī,</subfield>
    <subfield code="c">al-Karmilī, ab,</subfield>
    <subfield code="d">1866-1947.</subfield>
    <subfield code="0">http://id.loc.gov/authorities/names/nr90015315</subfield>
  </datafield>
  <datafield ind1="1" ind2=" " tag="880">
    <subfield code="6">100-01/r</subfield>
    <subfield code="a">همداني، الحسن بن احمد،</subfield>
    <subfield code="d">d. 945.</subfield>
  </datafield>
  <datafield ind1="1" ind2="0" tag="880">
    <subfield code="6">240-02/r</subfield>
    <subfield code="a">اكليل.</subfield>
    <subfield code="n">pt.. 8</subfield>
  </datafield>
  <datafield ind1="1" ind2="2" tag="880">
    <subfield code="6">245-03/r</subfield>
    <subfield code="a">الاكليل، الجزء الثامن :</subfield>
    <subfield code="b">يتضمن محافد اليمن ومساندها ودفائنها وقصورها ومراثي حمير والقبوريات /</subfield>
    <subfield code="c">تأليف ابي محمد الحسن بن احمد بن يعقوب بن يوسف بن داؤود، المشهور بالهمداني ؛ اخرجه الى الطبع وصحح الاغلاط وعلق حواشيه اللغوية الاب انستاس ماري الكرملي البغدادي.</subfield>
  </datafield>
  <datafield ind1=" " ind2=" " tag="880">
    <subfield code="6">260-04/r</subfield>
    <subfield code="a">بغداد :</subfield>
    <subfield code="b">مطبعة السريان الكاثوليكية،</subfield>
    <subfield code="c">1931.</subfield>
  </datafield>
  <datafield ind1="0" ind2=" " tag="880">
    <subfield code="6">700-05/r</subfield>
    <subfield code="a">انستاس ماري،</subfield>
    <subfield code="c">الكرملي، اب،</subfield>
    <subfield code="d">1866-1947.</subfield>
  </datafield>
  <datafield ind1=" " ind2=" " tag="911">
    <subfield code="a">20000130</subfield>
  </datafield>
  <datafield ind1=" " ind2=" " tag="994">
    <subfield code="a">C0</subfield>
    <subfield code="b">PUL</subfield>
  </datafield>
  <datafield ind1=" " ind2=" " tag="999">
    <subfield code="a">2764184</subfield>
  </datafield>
  <datafield ind1="0" ind2="0" tag="852">
    <subfield code="0">3074969</subfield>
    <subfield code="b">nec</subfield>
    <subfield code="t">1</subfield>
    <subfield code="h">DS247.Y43</subfield>
    <subfield code="i">H363 1931</subfield>
  </datafield>
  <datafield ind1=" " ind2=" " tag="959">
    <subfield code="a">2006-02-10 13:12:36 -0400</subfield>
  </datafield>
</record>
